@article{li-inverse-rendering,
  author    = {Zhengqin Li and
               Mohammad Shafiei and
               Ravi Ramamoorthi and
               Kalyan Sunkavalli and
               Manmohan Chandraker},
  title     = {Inverse Rendering for Complex Indoor Scenes: Shape, Spatially-Varying
               Lighting and {SVBRDF} from a Single Image},
  journal   = {CoRR},
  volume    = {abs/1905.02722},
  year      = {2019},
  url       = {http://arxiv.org/abs/1905.02722},
  archivePrefix = {arXiv},
  eprint    = {1905.02722},
  timestamp = {Mon, 27 May 2019 13:15:00 +0200},
  biburl    = {https://dblp.org/rec/bib/journals/corr/abs-1905-02722},
  bibsource = {dblp computer science bibliography, https://dblp.org}
}

@article{material-recognition,
	author = "Sean Bell and Paul Upchurch and Noah Snavely and Kavita Bala",
	title = "Material Recognition in the Wild with the Materials in Context Database",
	journal = "Computer Vision and Pattern Recognition (CVPR)",
	year = "2015",
}

@INPROCEEDINGS{fcn,
  author={J. {Long} and E. {Shelhamer} and T. {Darrell}},
  booktitle={2015 IEEE Conference on Computer Vision and Pattern Recognition (CVPR)}, 
  title={Fully convolutional networks for semantic segmentation}, 
  year={2015},
  pages={3431-3440}
}
  
@article{vgg,
author = {Simonyan, Karen and Zisserman, Andrew},
year = {2014},
month = {09},
pages = {},
title = {Very Deep Convolutional Networks for Large-Scale Image Recognition},
journal = {arXiv 1409.1556}
}

@inproceedings{googlenet,
title	= {Going Deeper with Convolutions},
author	= {Christian Szegedy and Wei Liu and Yangqing Jia and Pierre Sermanet and Scott Reed and Dragomir Anguelov and Dumitru Erhan and Vincent Vanhoucke and Andrew Rabinovich},
year	= {2015},
URL	= {http://arxiv.org/abs/1409.4842},
booktitle	= {Computer Vision and Pattern Recognition (CVPR)}
}

@incollection{alexnet,
title = {ImageNet Classification with Deep Convolutional Neural Networks},
author = {Alex Krizhevsky and Sutskever, Ilya and Hinton, Geoffrey E},
booktitle = {Advances in Neural Information Processing Systems 25},
editor = {F. Pereira and C. J. C. Burges and L. Bottou and K. Q. Weinberger},
pages = {1097--1105},
year = {2012},
publisher = {Curran Associates, Inc.},
url = {http://papers.nips.cc/paper/4824-imagenet-classification-with-deep-convolutional-neural-networks.pdf}
}

@book{pbr-book,
author = {Pharr, Matt and Jakob, Wenzel and Humphreys, Greg},
title = {Physically Based Rendering: From Theory to Implementation},
year = {2016},
isbn = {0128006455},
publisher = {Morgan Kaufmann Publishers Inc.},
address = {San Francisco, CA, USA}, edition = {3rd} 
}

@article{sengupta-inverse-rendering,
  author    = {Soumyadip Sengupta and
               Jinwei Gu and
               Kihwan Kim and
               Guilin Liu and
               David W. Jacobs and
               Jan Kautz},
  title     = {Neural Inverse Rendering of an Indoor Scene from a Single Image},
  journal   = {CoRR},
  volume    = {abs/1901.02453},
  year      = {2019},
  url       = {http://arxiv.org/abs/1901.02453},
  archivePrefix = {arXiv},
  eprint    = {1901.02453},
  timestamp = {Fri, 01 Feb 2019 13:39:59 +0100},
  biburl    = {https://dblp.org/rec/bib/journals/corr/abs-1901-02453},
  bibsource = {dblp computer science bibliography, https://dblp.org}
}

@article{texture-transfer,
 author = {Wang, Tuanfeng Y. and Su, Hao and Huang, Qixing and Huang, Jingwei and Guibas, Leonidas and Mitra, Niloy J.},
 title = {Unsupervised Texture Transfer from Images to Model Collections},
 year = {2016},
 issue_date = {November 2016},
 publisher = {Association for Computing Machinery},
 address = {New York, NY, USA},
 volume = {35},
 number = {6},
 issn = {0730-0301},
 url = {https://doi.org/10.1145/2980179.2982404},
 doi = {10.1145/2980179.2982404},
 journal = {ACM Trans. Graph.},
 month = nov,
 articleno = {Article 177},
 numpages = {13},
 keywords = {appearance transfer, illumination, texture, data-driven graphics, shape analysis}
}

@book{nielsenneural,
  title={Neural networks and deep learning},
  author={Nielsen, Michael A},
  volume={2018},
  year={2015},
  publisher={San Francisco, CA, USA:: Determination press}
}

@ARTICLE{BarronTPAMI2015, 
Author = {Jonathan T. Barron and Jitendra Malik},
Title = {Shape, Illumination, and Reflectance from Shading},
journal={TPAMI},
year={2015}, 
}

@InProceedings{residual-network,
author = {He, Kaiming and Zhang, Xiangyu and Ren, Shaoqing and Sun, Jian},
title = {Deep Residual Learning for Image Recognition},
booktitle = {The IEEE Conference on Computer Vision and Pattern Recognition (CVPR)},
month = {June},
year = {2016}
}

@book{deep-learning,
    title={Deep Learning},
    author={Ian Goodfellow and Yoshua Bengio and Aaron Courville},
    publisher={MIT Press},
    note={\url{http://www.deeplearningbook.org}},
    year={2016}
}

@article{Vevoda-rendering,
 author = {V{\'e}voda, Petr and Kondapaneni, Ivo and K{\v{r}}iv{\'{a}}nek, Jaroslav},
 title = {Bayesian Online Regression for Adaptive Direct Illumination Sampling},
 journal = {ACM Trans. Graph.},
 issue_date = {August 2018},
 volume = {37},
 number = {4},
 month = jul,
 year = {2018},
 issn = {0730-0301},
 pages = {125:1--125:12},
 articleno = {125},
 numpages = {12},
 url = {http://doi.acm.org/10.1145/3197517.3201340},
 doi = {10.1145/3197517.3201340},
 acmid = {3201340},
 publisher = {ACM},
 address = {New York, NY, USA},
 keywords = {adaptive sampling, direct illumination, learning, visibility},
}

@misc{cnn,
  author = {Sumit Saha},
  title = {A Comprehensive Guide to Convolutional Neural Networks â€” the {ELI5} way},
  year = 2018,
  howpublished = {\url{https://towardsdatascience.com/a-comprehensive-guide-to-convolutional-neural-networks-the-eli5-way-3bd2b1164a53}},
  note = {Accessed: 02-03-2020}
}

@misc{3ds-Max,
    author = {Autodesk},
    title = {3ds-{M}ax},
    year = 2020,
    howpublished = {\url{https://www.autodesk.com/products/3ds-max/overview}},
    note = {Retrieved: 02-03-2020}
}

@misc{V-Ray,
    author = {Chaos Group},
    title = {V-{R}ay},
    year = 2020,
    howpublished = {\url{https://www.chaosgroup.com/vray/3ds-max}},
    note = {Retrieved: 21-04-2020}
}

@misc{V-Ray-Render-elements,
    author = {Chaos Group},
    title = {V-{R}ay render elements},
    year = 2020,
    howpublished = {\url{https://docs.chaosgroup.com/display/VRAY4MAX/Render+Elements}},
    note = {Retrieved: 21-04-2020}
}